@book{barrett1981,
  title={Radiological imaging: the theory of image formation, detection, and processing},
  author={Barrett, Harrison H and Swindell, William},
  year={1981},
  publisher={Academic Press},
  volume={2}
}

@article{bielajew1986,
  title={PRESTA: the parameter reduced electron-step transport algorithm for electron Monte Carlo transport},
  author={Bielajew, Alex F and Rogers, DWO},
  journal={Nuclear Instruments and Methods in Physics Research Section B: Beam Interactions with Materials and Atoms},
  volume={18},
  number={1},
  pages={165--181},
  year={1986},
  publisher={Elsevier}
}


@book{bushberg2002,
  title={The essential physics of medical imaging},
  author={Bushberg, Jerrold T and Boone, John M},
  year={2002},
  publisher={Lippincott Williams \& Wilkins}
}

@book{curry1990,
  title={Christensen ÃÅs physics of diagnostic radiology 4 Ed},
  author={Curry III, Thomas S and Dowdey, James E and Murry Jr, Robert C},
  year={1990},
  publisher={Lippincott Williams \& Wilkins}
}

@book{johns1983,
  title={The physics of radiology},
  author={Johns, Harold Elford and Cunningham, John Robert},
  year={1983},
  publisher={Charles C Thomas}
}

@article{rogers1990,
  title={Monte Carlo techniques of electron and photon transport for radiation dosimetry},
  author={Rogers, DWO and Bielajew, AF},
  journal={The dosimetry of ionizing radiation},
  volume={3},
  pages={427--539},
  year={1990},
  publisher={Academic Press New York}
}
